%% This BibTeX bibliography file was created using BibDesk.
%% http://bibdesk.sourceforge.net/


%% Created for Marvin Rausand at 2014-08-12 10:34:20 +0200 


%% Saved with string encoding Unicode (UTF-8) 



@book{rausand14,
	Address = {Hoboken, NJ},
	Author = {Rausand, Marvin},
	Date-Added = {2014-08-12 08:32:25 +0000},
	Date-Modified = {2014-08-12 08:33:48 +0000},
	Publisher = {Wiley},
	Title = {Reiability of Safety-Critical Systems: Theory and Applications},
	Year = {2014}}

@article{lundteigen08,
	Author = {Lundteigen, Mary Ann and Rausand, Marvin},
	Date-Added = {2011-06-16 13:34:45 +0200},
	Date-Modified = {2011-06-16 13:34:45 +0200},
	Journal = {Reliability Engineering and System Safety},
	Pages = {1208--1217},
	Title = {Spurious activation of safety instrumented systems in the oil and gas industry: Basic concepts and formulas},
	Volume = {93},
	Year = {2008}}

@book{rausand04,
	Address = {Hoboken, NJ},
	Author = {Rausand, Marvin and H{\o}yland, Arnljot},
	Date-Added = {2011-06-16 11:53:55 +0200},
	Date-Modified = {2011-06-16 11:55:09 +0200},
	Edition = {2nd},
	Publisher = {Wiley},
	Title = {System Reliability Theory: Models, Statistical Methods, and Applications},
	Year = {2004}}

@misc{hardkernel01,
  title = {Hardkernel.com},
  howpublished = {\url{http://www.hardkernel.com/main/products/prdt_info.php?g_code=G140448267127&tab_idx=2}},
  note = {Accessed: 2014-10-25}
}

@misc{neondata,
  title = {ARM Software development tools},
  howpublished = {\url{http://infocenter.arm.com/help/index.jsp?topic=/com.arm.doc.dui0473c/CIHDIBDG.html}},
  note = {Accessed: 2014-12-10}
}

@article{lillesand13,
	Author = {Trond Inge Lillesand},
	Date-Added = {2013-06},
	Title = {Acceleration with OmpSs and Neon/OpenCL on ARM Processor},
	Year = {2013}}

@article{natvig12,
	Author = {Lien et al.},
	Date-Added = {2012-09},
	Title = {Case Studies of Multi-core Energy Efficiency in Task Based Programs},
	Year = {2012}}

@article{hill07,
	Author = {Mark D. Hill and Michael R. Marty},
	Date-Added = {2007-04},
	Title = {Amdahl's Law in the Multicore Era},
	Year = {2007}}

@article{kumar03,
	Author = {Rakesh Kumar et al.},
	Date-Added = {2007-04},
	Title = {Single-ISA Heterogeneous Multi-Core Architectures: The Potential for Processor Power Reduction},
	Year = {2003}}

@book{burger09,
	Author = {Wilhelm Burger and Mark J. Bruge},
	Publisher = {Springer},
	Title = {Principles of Digital Image Processing},
  Month = {March},
	Year = {2009}}

